@article{DBLP:journals/corr/FangZ17,
  author    = {Hui Fang and
               Meng Zhang},
  title     = {Creatism: {A} deep-learning photographer capable of creating professional
               work},
  journal   = {CoRR},
  volume    = {abs/1707.03491},
  year      = {2017},
  url       = {http://arxiv.org/abs/1707.03491},
  timestamp = {Sat, 05 Aug 2017 14:55:58 +0200},
  biburl    = {http://dblp.uni-trier.de/rec/bib/journals/corr/FangZ17},
  bibsource = {dblp computer science bibliography, http://dblp.org}
}
 
@article{DBLP:journals/corr/ChenKSCM17,
  author    = {Yi{-}Ling Chen and
               Jan Klopp and
               Min Sun and
               Shao{-}Yi Chien and
               Kwan{-}Liu Ma},
  title     = {Learning to Compose with Professional Photographs on the Web},
  journal   = {CoRR},
  volume    = {abs/1702.00503},
  year      = {2017},
  url       = {http://arxiv.org/abs/1702.00503},
  timestamp = {Wed, 07 Jun 2017 14:42:40 +0200},
  biburl    = {http://dblp.uni-trier.de/rec/bib/journals/corr/ChenKSCM17},
  bibsource = {dblp computer science bibliography, http://dblp.org}
}
 
@article{DBLP:journals/corr/KongSLMF16,
  author    = {Shu Kong and
               Xiaohui Shen and
               Zhe Lin and
               Radom{\'{\i}}r Mech and
               Charless C. Fowlkes},
  title     = {Photo Aesthetics Ranking Network with Attributes and Content Adaptation},
  journal   = {CoRR},
  volume    = {abs/1606.01621},
  year      = {2016},
  url       = {http://arxiv.org/abs/1606.01621},
  timestamp = {Wed, 07 Jun 2017 14:43:08 +0200},
  biburl    = {http://dblp.uni-trier.de/rec/bib/journals/corr/KongSLMF16},
  bibsource = {dblp computer science bibliography, http://dblp.org}
}
 
@inbook{knuth-fa,
    author = "Donald E. Knuth",
    title = "Fundamental Algorithms",
    publisher = "Addison-Wesley",
    year = "1973",
    chapter = "1.2",
    keywords  = "knuth,programming"
}
